@article{barricelliNumericalTestingEvolution1962,
  title = {Numerical Testing of Evolution Theories: {{Part I Theoretical}} Introduction and Basic Tests},
  shorttitle = {Numerical Testing of Evolution Theories},
  author = {Barricelli, Nils Aall},
  date = {1962-03},
  journaltitle = {Acta Biotheoretica},
  shortjournal = {Acta Biotheor},
  volume = {16},
  number = {1-2},
  pages = {69--98},
  issn = {0001-5342, 1572-8358},
  doi = {10.1007/BF01556771},
  url = {http://link.springer.com/10.1007/BF01556771},
  urldate = {2023-06-10},
  langid = {english}
}

@book{bergelAgileArtificialIntelligence2020,
  title = {Agile Artificial Intelligence in {{Pharo}}: Implementing Neural Networks, Genetic Algorithms, and Neuroevolution},
  shorttitle = {Agile Artificial Intelligence in {{Pharo}}},
  author = {Bergel, Alexandre},
  date = {2020},
  series = {For Professionals by Professionals},
  publisher = {{Apress}},
  location = {{New York}},
  isbn = {978-1-4842-5384-7 978-1-4842-5383-0},
  langid = {english},
  pagetotal = {386}
}

@inproceedings{bergelBeaconAutomatedTest2021,
  title = {Beacon: {{Automated Test Generation}} for {{Stack-Trace Reproduction}} Using {{Genetic Algorithms}}},
  shorttitle = {Beacon},
  booktitle = {2021 {{IEEE}}/{{ACM}} 14th {{International Workshop}} on {{Search-Based Software Testing}} ({{SBST}})},
  author = {Bergel, Alexandre and Slater Muñoz, Ignacio},
  date = {2021-05},
  pages = {1--7},
  publisher = {{IEEE}},
  location = {{Madrid, Spain}},
  doi = {10.1109/SBST52555.2021.00007},
  url = {https://ieeexplore.ieee.org/document/9476241/},
  urldate = {2023-06-07},
  eventtitle = {2021 {{IEEE}}/{{ACM}} 14th {{International Workshop}} on {{Search-Based Software Testing}} ({{SBST}})},
  isbn = {978-1-66544-571-9}
}

@article{collinsComparisonGeneticSequencing,
  title = {A {{Comparison}} of {{Genetic Sequencing Operators}}},
  author = {Collins, Fort},
  pages = {8},
  langid = {english}
}

@online{DEAPDocumentationDEAP,
  title = {{{DEAP}} Documentation — {{DEAP}} 1.3.3 Documentation},
  url = {https://deap.readthedocs.io/en/master/},
  urldate = {2023-06-08}
}

@online{ECJ,
  title = {{{ECJ}}},
  url = {https://cs.gmu.edu/~eclab/projects/ecj/},
  urldate = {2023-06-08}
}

@online{EvolvingObjectsWelcomeEvolving,
  title = {{{EvolvingObjects}}: {{Welcome}} to {{Evolving Objects}}},
  url = {https://eodev.sourceforge.net/eo/doc/html/index.html},
  urldate = {2023-06-08}
}

@software{giacomelliGeneticSharp2023,
  title = {{{GeneticSharp}}},
  author = {Giacomelli, Diego},
  date = {2023-06-07T11:43:07Z},
  origdate = {2013-08-02T00:37:51Z},
  url = {https://github.com/giacomelli/GeneticSharp},
  urldate = {2023-06-08},
  keywords = {artificial-intelligence,c-sharp,dotnet,dotnet-core,dotnet-standard,dotnet6,genetic-algorithm,genetic-algorithms,unity3d}
}

@book{hollandAdaptationNaturalArtificial1992a,
  title = {Adaptation in Natural and Artificial Systems: An Introductory Analysis with Applications to Biology, Control, and Artificial Intelligence},
  shorttitle = {Adaptation in Natural and Artificial Systems},
  author = {Holland, John H.},
  date = {1992},
  series = {Complex Adaptive Systems},
  edition = {1st MIT Press ed},
  publisher = {{MIT Press}},
  location = {{Cambridge, Mass}},
  isbn = {978-0-262-08213-6 978-0-262-58111-0},
  pagetotal = {211},
  keywords = {Adaptation (Biology),Adaptive control systems,Mathematical models}
}

@online{InspyredBioinspiredAlgorithms,
  title = {Inspyred: {{Bio-inspired Algorithms}} in {{Python}} — Inspyred 1.0.1 Documentation},
  url = {https://aarongarrett.github.io/inspyred/},
  urldate = {2023-06-08}
}

@book{kozaGeneticProgrammingProgramming1992a,
  title = {Genetic Programming. 1: {{On}} the Programming of Computers by Means of Natural Selection},
  shorttitle = {Genetic Programming. 1},
  author = {Koza, John R.},
  date = {1992},
  series = {Complex Adaptive Systems},
  publisher = {{MIT Press}},
  location = {{Cambridge, Mass.}},
  isbn = {978-0-262-52791-0},
  langid = {english},
  pagetotal = {819}
}

@online{OneMaxProblema,
  title = {One {{Max Problem}} — {{DEAP}} 1.3.3 Documentation},
  url = {https://deap.readthedocs.io/en/master/examples/ga_onemax.html},
  urldate = {2023-06-11}
}

@software{peronePeronePyevolve2023,
  title = {Perone/{{Pyevolve}}},
  author = {Perone, Christian S.},
  date = {2023-05-23T06:54:12Z},
  origdate = {2011-08-10T23:41:24Z},
  url = {https://github.com/perone/Pyevolve},
  urldate = {2023-06-08}
}

@software{Pygmo2023,
  title = {Pygmo},
  date = {2023-06-04T21:30:56Z},
  origdate = {2020-01-07T09:22:45Z},
  url = {https://github.com/esa/pygmo2},
  urldate = {2023-06-08},
  organization = {{European Space Agency}},
  keywords = {artificial-intelligence,evolutionary-algorithms,evolutionary-computation,evolutionary-strategy,island-model,meta-heuristic,meta-heuristics,multiobjective-optimization,optimization,optimization-algorithms,optimization-methods,optimization-problem,parallel-computing,parallel-processing,stochastic-optimization}
}

@online{SchlatterbeckPgapyPython,
  title = {Schlatterbeck/Pgapy: {{Python}} Wrapper for Pgapack, the Parallel Genetic Algorithm Library},
  url = {https://github.com/schlatterbeck/pgapy/tree/master},
  urldate = {2023-06-08}
}

@book{shiffmanNatureCode2012,
  title = {The Nature of Code},
  author = {Shiffman, Daniel},
  date = {2012},
  edition = {Version 1.0, generated December 6, 2012},
  publisher = {{Selbstverl.}},
  location = {{s.l.}},
  isbn = {978-0-9859308-0-6},
  langid = {english},
  pagetotal = {498}
}

@software{slatermunozKeenKotlinGenetic2021,
  title = {Keen | {{Kotlin Genetic Algorithm Framework}}},
  author = {Slater Muñoz, Ignacio},
  origdate = {2021-02-06T11:46:48Z},
  url = {https://github.com/r8vnhill/keen},
  keywords = {genetic-algorithms,genetic-programming,kotlin}
}

@article{turingCOMPUTINGMACHINERYINTELLIGENCE1950a,
  title = {I.—{{COMPUTING MACHINERY AND INTELLIGENCE}}},
  author = {Turing, A. M.},
  date = {1950-10-01},
  journaltitle = {Mind},
  volume = {LIX},
  number = {236},
  pages = {433--460},
  issn = {1460-2113, 0026-4423},
  doi = {10.1093/mind/LIX.236.433},
  url = {https://academic.oup.com/mind/article/LIX/236/433/986238},
  urldate = {2023-06-10},
  langid = {english}
}

@online{wilhelmstotterJeneticsJavaGenetica,
  title = {Jenetics: {{Java Genetic Algorithm Library}}},
  shorttitle = {Jenetics},
  author = {Wilhelmstötter, Franz},
  url = {https://jenetics.io/},
  urldate = {2023-06-08},
  langid = {english},
  organization = {{jenetics.io}}
}

@book{yuIntroductionEvolutionaryAlgorithms2010,
  title = {Introduction to Evolutionary Algorithms},
  author = {Yu, Xinjie and Gen, Mitsuo},
  date = {2010},
  series = {Decision Engineering},
  publisher = {{Springer}},
  location = {{London ; New York}},
  isbn = {978-1-84996-128-8 978-1-84996-129-5},
  pagetotal = {418},
  keywords = {Evolutionary computation,Evolutionary programming (Computer science),Genetic algorithms},
  annotation = {OCLC: ocn495781315}
}
